@manual{oetiket2007lshort,
    author = {Oetiket, T. and Partl, H. and Hyna and Schlegl, E.},
    title = {The not-so-short introduction to Latex},
    url = {http://www.ctan.org/tex-archive/info/lshort/english/lshort.pdf}
}

@Manual{downes2002shortams,
  title = 	 {{Short Math Guide for \LaTeX{}}},
  author = 	 {Downes,, Michael},
  organization = {American Mathematical Society},
  year = 	 {2002},
  url = 	 {ftp://ftp.ams.org/pub/tex/doc/amsmath/short-math-guide.pdf}
}

@Book{ungar2002uvod,
  author = 	 {Šime Ungar},
  title = 	 {{Uvod u \TeX{} s naglaskom na \LaTeX 2$\epsilon$}},
  publisher = 	 {Odjel za matematiku, Sveučilište J.J.\ Strossmayera u Osijeku},
  year = 	 {2002}
}

@manual{zynq_trm,
  author = {Xilinx},
  title = {Zynq-7000 SoC Technical Reference Manual (UG585)},
  year = {2018},
  url = {https://www.xilinx.com/support/documentation/user_guides/ug585-Zynq-7000-TRM.pdf}
}

@manual{zynq_swdg,
  author = {Xilinx},
  title = {Zynq-7000 All Programmable SoC Software Developers Guide (UG821)},
  year = {2015},
  url = {https://www.xilinx.com/support/documentation/user_guides/ug821-zynq-7000-swdev.pdf}
}

@manual{gic,
  author = {ARM},
  title = {ARM Generic Interrupt Controller - Architecture Specification},
  year = {2013},
  url = {https://www.cl.cam.ac.uk/research/srg/han/ACS-P35/zynq/arm_gic_architecture_specification.pdf}
}
